@misc{McGuire2017Data,
   title = {Computer Graphics Archive},
   author = {Morgan McGuire},
   year = {2017},
   month = {July},
   note = {\small \texttt{https://casual-effects.com/data}},
   url = {https://casual-effects.com/data}
}

@book{pharr2016physically,
  title={Physically based rendering: From theory to implementation},
  author={Pharr, Matt and Jakob, Wenzel and Humphreys, Greg},
  year={2016},
  publisher={Morgan Kaufmann}
}

@online{Shirley2020RTW1,
   title = {Ray Tracing in One Weekend},
   author = {Peter Shirley},
   year = {2020},
   month = {December},
   url = {https://raytracing.github.io/books/RayTracingInOneWeekend.html}
}

@book{haines2019ray,
  title={Ray Tracing Gems: High-Quality and Real-Time Rendering with DXR and Other APIs},
  author={Haines, Eric and Akenine-M{\"o}ller, Tomas},
  year={2019},
  publisher={Springer}
}

@article{burley2018design,
  title={The design and evolution of disneyâ€™s hyperion renderer},
  author={Burley, Brent and Adler, David and Chiang, Matt Jen-Yuan and Driskill, Hank and Habel, Ralf and Kelly, Patrick and Kutz, Peter and Li, Yining Karl and Teece, Daniel},
  journal={ACM Transactions on Graphics (TOG)},
  volume={37},
  number={3},
  pages={1--22},
  year={2018},
  publisher={ACM New York, NY, USA}
}

@online{bvhlecture,
   title = {Simulation in Computer Graphics, course notes on Bounding Volume Hierarchies.},
   author = {Matthias Teschner},
   year = {2021},
   url = {https://cg.informatik.uni-freiburg.de/course_notes/sim_06_boundingVolumeHierarchies.pdf}
}

@inproceedings{lagae2008compact,
  title={Compact, fast and robust grids for ray tracing},
  author={Lagae, Ares and Dutr{\'e}, Philip},
  booktitle={Computer Graphics Forum},
  volume={27},
  number={4},
  pages={1235--1244},
  year={2008},
  organization={Wiley Online Library}
}

@article{fujimoto1986arts,
  title={Arts: Accelerated ray-tracing system},
  author={Fujimoto, Akira and Tanaka, Takayuki and Iwata, Kansei},
  journal={IEEE Computer Graphics and Applications},
  volume={6},
  number={4},
  pages={16--26},
  year={1986},
  publisher={IEEE}
}

@phdthesis{devillers1988methodes,
  title={M{\'e}thodes d'optimisation du trac{\'e} de rayons},
  author={Devillers, Olivier},
  year={1988},
  school={Universit{\'e} Paris Sud-Paris XI}
}

@inproceedings{amanatides1987fast,
  title={A fast voxel traversal algorithm for ray tracing.},
  author={Amanatides, John and Woo, Andrew and others},
  booktitle={Eurographics},
  volume={87},
  number={3},
  pages={3--10},
  year={1987}
}

@misc{stanfordbunny,
    title={Stanford Bunny},
    author={Stanford},
    year=1994,
    url={http://graphics.stanford.edu/data/3Dscanrep/}
}

@misc{stanforddragon,
    title={Stanford Dragon},
    author={Stanford},
    year=1996,
    url={http://graphics.stanford.edu/data/3Dscanrep/}
}

@misc{stanfordlucy,
    title={Stanford Lucy},
    author={Stanford},
    year=1998,
    url={http://graphics.stanford.edu/data/3Dscanrep/}
}


@misc{stanfordxyzdragon,
    title={Stanford XYZ Dragon},
    author={Stanford},
    year=,
    url={http://graphics.stanford.edu/data/3Dscanrep/}
}

@misc{spot,
    title={Caltech Spot},
    author={Keenan Crane},
    year=2012,
    url={http://www.cs.cmu.edu/~kmcrane/Projects/ModelRepository/}
}

@misc{buddha,
    title={Happy Buddha},
    author={Brian Curless, Marc Levoy},
    year=1996,
    url={https://graphics.stanford.edu/software/scanview/models/happybuddha.html}
}

@misc{pinetree,
    title={Pine Tree},
    author={Wyman and McGuire},
    year=2017,
    url={https://casual-effects.com/data/}
}

@misc{serapis,
    title={Serapis Bust},
    author={Todd Blatt},
    year=,
    url={https://www.thingiverse.com/thing:27601}
}


@online{common3dmodels,
  author = {Alec Jacobson},
  title = {Common 3d test models},
  year = 2021,
  url = {https://github.com/alecjacobson/common-3d-test-models}
}

@misc{utahteapot,
    title={Article on Creation of Utah Teapot.},
    author={Martin Newell},
    year=1975,
    url={https://www.historyofinformation.com/detail.php?id=2449}
}

@misc{blendermonkey,
    title={Blender Monkey},
    author={Willem-Paul van Overbruggen},
    year=2002,
    url={https://github.com/OpenGLInsights/OpenGLInsightsCode/blob/master/Chapter%2026%20Indexing%20Multiple%20Vertex%20Arrays/article/suzanne.obj}
}

@misc{grass,
    title={Grass 3D Model},
    author={nevayashka},
    year=2019,
    url={https://free3d.com/3d-model/high-quality-grass-78178.html}
}

@misc{geometricoptics,
    title={Article on geometric optics on Wikipedia.},
    author={Wikipedia},
    year=2022,
    url={https://en.wikipedia.org/wiki/Geometrical_optics}
}

@book{ericson2004real,
  title={Real-time collision detection},
  author={Ericson, Christer},
  year={2004},
  publisher={Crc Press}
}

@inproceedings{kalojanov2011two,
  title={Two-level grids for ray tracing on GPUs},
  author={Kalojanov, Javor and Billeter, Markus and Slusallek, Philipp},
  booktitle={Computer Graphics Forum},
  volume={30},
  number={2},
  pages={307--314},
  year={2011},
  organization={Wiley Online Library}
}

@incollection{boulos2005notes,
  title={Notes on efficient ray tracing},
  author={Boulos, Solomon},
  booktitle={ACM SIGGRAPH 2005 Courses},
  pages={10--es},
  year={2005}
}

@book{suffern2016ray,
  title={Ray Tracing from the Ground up},
  author={Suffern, Kevin},
  year={2016},
  publisher={CRC Press}
}

@misc{fastvoxeltraversalnotes,
    title={An Overview of the Fast Voxel Traversal Algorithm.},
    author={Chris Gyurgyik},
    year=2020,
    url={https://github.com/cgyurgyik/fast-voxel-traversal-algorithm/blob/master/overview/FastVoxelTraversalOverview.md}
}


