@book{marschner2018fundamentals,
  title={Fundamentals of computer graphics},
  author={Marschner, Steve and Shirley, Peter},
  year={2018},
  publisher={CRC Press}
}

@article{burley2018design,
  title={The design and evolution of disneyâ€™s hyperion renderer},
  author={Burley, Brent and Adler, David and Chiang, Matt Jen-Yuan and Driskill, Hank and Habel, Ralf and Kelly, Patrick and Kutz, Peter and Li, Yining Karl and Teece, Daniel},
  journal={ACM Transactions on Graphics (TOG)},
  volume={37},
  number={3},
  pages={1--22},
  year={2018},
  publisher={ACM New York, NY, USA},
  howpublished = {\url{https://www.disneyanimation.com/technology/hyperion/}}
}

@online{Shirley2020RTW1,
   title = {Ray Tracing in One Weekend},
   author = {Peter Shirley},
   year = {2020},
   month = {December},
   url = {https://raytracing.github.io/books/RayTracingInOneWeekend.html}
}

@book{suffern2016ray,
  title={Ray Tracing from the Ground up},
  author={Suffern, Kevin},
  year={2016},
  publisher={CRC Press}
}

@article{moller1997fast,
  title={Fast, minimum storage ray-triangle intersection},
  author={M{\"o}ller, Tomas and Trumbore, Ben},
  journal={Journal of graphics tools},
  volume={2},
  number={1},
  pages={21--28},
  year={1997},
  publisher={Taylor \& Francis}
}

@misc{inversesquarelaw,
    title={Inverse Square Law},
    author={Wikipedia},
    year=2021,
    url={https://en.wikipedia.org/wiki/Inverse-square_law#/media/File:Inverse_square_law.svg}
}

@misc{raytriangle,
    title={Ray-Triangle intersection algorithm},
    author={Inigo Quilez},
    year=2021,
    url={https://www.iquilezles.org/www/articles/intersectors/intersectors.htm}
}

@book{haines2019ray,
  title={Ray Tracing Gems: High-Quality and Real-Time Rendering with DXR and Other APIs},
  author={Haines, Eric and Akenine-M{\"o}ller, Tomas},
  year={2019},
  publisher={Apress}
}

@misc{fieldofview,
    title={Field of view},
    author={Wikipedia},
    year=2021,
    url={https://en.wikipedia.org/wiki/Field_of_view#/media/File:Angle_of_view.svg}
}

@book{ericson2004real,
  title={Real-time collision detection},
  author={Ericson, Christer},
  year={2004},
  publisher={Crc Press}
}

@article{kay1986ray,
  title={Ray tracing complex scenes},
  author={Kay, Timothy L and Kajiya, James T},
  journal={ACM SIGGRAPH computer graphics},
  volume={20},
  number={4},
  pages={269--278},
  year={1986},
  publisher={ACM New York, NY, USA}
}

@online{TRTChallenge,
   title = {Area Lights: The Ray Tracer Challenge},
   author = {Jamis Buck},
   year = {2019},
   url = {http://raytracerchallenge.com/bonus/area-light.html}
}

@article{christensen2018renderman,
  title={Renderman: An advanced path-tracing architecture for movie rendering},
  author={Christensen, Per and Fong, Julian and Shade, Jonathan and Wooten, Wayne and Schubert, Brenden and Kensler, Andrew and Friedman, Stephen and Kilpatrick, Charlie and Ramshaw, Cliff and Bannister, Marc and others},
  journal={ACM Transactions on Graphics (TOG)},
  volume={37},
  number={3},
  pages={1--21},
  year={2018},
  publisher={ACM New York, NY, USA},
  url={https://renderman.pixar.com/resources/RenderMan_20/softShadows.html}
}

@misc{penumbra,
    title={Penumbra},
    author={Wikipedia},
    year=2021,
    url={https://en.wikipedia.org/wiki/Penumbra_(disambiguation)}
}

@online{shadinglecture,
   title = {Image Processing and Computer Graphics, course notes on Shading.},
   author = {Matthias Teschner},
   year = {2021},
   url = {https://cg.informatik.uni-freiburg.de/course_notes/graphics_02_shading.pdf}
}

@online{2dtransformations,
   title = {Prof. Cem Yuksel's lecture on 2D transformations on youtube.},
   author = {Cem Yuksel},
   year = {2021},
   url = {https://www.youtube.com/watch?v=EKN7dTJ4ep8}
}

@misc{trianglemesh,
    title={Triangle mesh},
    author={Wikipedia},
    year=2021,
    url={https://en.wikipedia.org/wiki/Triangle_mesh#/media/File:Dolphin_triangle_mesh.png}
}

@online{trianglemeshes,
   title = {Prof. Cem Yuksel's lecture on trianglular meshes on youtube.},
   author = {Cem Yuksel},
   year = {2021},
   url = {https://www.youtube.com/watch?v=HV2dKIQcp6k}
}

@online{nvidiamarbles,
   title = {Nvidia Marbles.},
   author = {Nvidia},
   year = {2021},
   url = {https://blogs.nvidia.com/blog/2021/05/27/omniverse-marbles-rtx-playable-sample/}
}

@online{scratchapixel,
   title = {Scratchapixel Blog.},
   author = {Scratchapixel},
   year = {2021},
   url = {https://www.scratchapixel.com/}
}

@online{stackoverflow,
   title = {StackOverflow post about Area lights.},
   author = {StackOverflow},
   year = {2012},
   url = {https://stackoverflow.com/questions/11953825/area-lighting-in-ray-tracing}
}

@misc{ppmformat,
    title={PPM},
    author={Wikipedia},
    year=2021,
    url={https://en.wikipedia.org/wiki/Netpbm}
}

@misc{cramersrule,
    title={Cramer's Rule},
    author={Wikipedia},
    year=2021,
    url={https://en.wikipedia.org/wiki/Cramer%27s_rule}
}

@misc{stanfordbunny,
    title={Stanford Bunny},
    author={Stanford},
    year=2021,
    url={http://graphics.stanford.edu/data/3Dscanrep/}
}

@misc{phong,
    title={Phong Reflection Model},
    author={Wikipedia},
    year=2021,
    url={https://en.wikipedia.org/wiki/Phong_reflection_model}
}

@misc{inversesquarelaw2,
    title={Article on Inverse Square Law.},
    author={Wikipedia},
    year=2021,
    url={https://en.wikipedia.org/wiki/Inverse-square_law}
}

@misc{lambertscosinelaw,
    title={Article on Lambert's Cosine Law.},
    author={Wikipedia},
    year=2021,
    url={https://en.wikipedia.org/wiki/Lambert%27s_cosine_law#:~:text=In%20optics%2C%20Lambert's%20cosine%20law,I0cos(%CE%B8).}
}

@misc{utahteapot,
    title={Article on Utah Teapot.},
    author={Wikipedia},
    year=2021,
    url={https://en.wikipedia.org/wiki/Utah_teapot}
}
